<?xml version="1.0" encoding="UTF-8"?><record xmlns="http://www.loc.gov/MARC21/slim" xmlns:cinclude="http://apache.org/cocoon/include/1.0" xmlns:zs="http://www.loc.gov/zing/srw/">
  <leader>00371cz  a2200121n  4500</leader>
  <controlfield tag="001">n 2004024164</controlfield>
  <controlfield tag="003">DLC</controlfield>
  <controlfield tag="005">20040304120056.0</controlfield>
  <controlfield tag="008">040304n| acannaabn          |n ana      </controlfield>
  <datafield tag="010" ind1=" " ind2=" ">
    <subfield code="a">n 2004024164</subfield>
  </datafield>
  <datafield tag="040" ind1=" " ind2=" ">
    <subfield code="a">DLC</subfield>
    <subfield code="b">eng</subfield>
    <subfield code="c">DLC</subfield>
  </datafield>
  <datafield tag="130" ind1=" " ind2="0">
    <subfield code="a">God and generals (Motion picture)</subfield>
  </datafield>
  <datafield tag="670" ind1=" " ind2=" ">
    <subfield code="a">Faith in God and generals, c2003:</subfield>
    <subfield code="b">front flap (God and generals; prequel to the film Gettysburg)</subfield>
  </datafield>
</record>